@ARTICLE{Gross,
   AUTHOR  = {Gross, T., Fetter, M. and Liebsch, S.},
   TITLE   = {The cueTable: Cooperative and Competitive Multi-Touch Interaction on a Tabletop},  
   YEAR    = {2008},
   JOURNAL = {CHI EA '08},
   VOLUME  = {},
   NUMBER  = {},
   PAGES   = {3465--3470}
}
@ARTICLE{Chua,
   AUTHOR  = {Chua, Y.S.},
   TITLE   = {Composition based on pentatonic scales: a computer-aided approach},  
   YEAR    = {1991},
   JOURNAL = {Computer},
   VOLUME  = {24},
   NUMBER  = {7},
   PAGES   = {67--71}
}
@ARTICLE{Turatto,
   AUTHOR  = {Turatto, M., Galfano, G.},
   TITLE   = {Color, form and luminance capture attention in visual search},  
   YEAR    = {1999},
   JOURNAL = {Vision Research},
   VOLUME  = {40},
   NUMBER  = {13},
   PAGES   = {1639--1643}
}
@ARTICLE{Shen,
   AUTHOR  = {Shen, C., Ryall, K., Clifton, F., Esenther, A., Vernier, F.D., Everitt, K., Wu, M., Widgor, D., Morris, M.R., Hancock, M., Tse, E.},
   TITLE   = {Informing the Design of Direct-Touch Tabletops},  
   YEAR    = {2006},
   JOURNAL = {IEEE Computer Graphics and Applications},
   VOLUME  = {26},
   NUMBER  = {5},
   PAGES   = {36--46}
}
@ARTICLE{Ryall,
   AUTHOR  = {Ryall, K., Clifton, F., Shen, C., Morris, M.R., Everitt, K.},
   TITLE   = {Experiences with and Observations of Direct-Touch Tabletops},  
   YEAR    = {2006},
   JOURNAL = {Proceedings of the First IEEE International Workshop on Horizontal Interactive Human-Computer Systems},
   VOLUME  = {2006}
   NUMBER  = {1}
   PAGES   = {89--96}
}
